@inproceedings{transformer,
  title={Attention Is All You Need},
  author={Vaswani, Shazeer},
  year={2017}
}

@inproceedings{dyngnn,
  title={Dynamic Sequential Graph Learning for Click-Through Rate Prediction},
  author={Yunfei Chu, Xiaofu Chang},
  year={2021}
}

@inproceedings{mc,
  title={Factorizing
personalized markov chains for next-basket recommendation},
  author={S. Rendle, C. Freudenthaler, and L. Schmidt-Thieme},
  year={2010}
}

@inproceedings{rnn1,
  title={Session-based
recommendations with recurrent neural networks},
  author={B. Hidasi, A. Karatzoglou, L. Baltrunas, and D. Tikk},
  year={2016}
}

@inproceedings{rnn2,
  title={Recurrent
recommender networks},
  author={C. Wu, A. Ahmed, A. Beutel, A. J. Smola, and H. Jing},
  year={2017}
}

@inproceedings{rnn3,
  title={Recurrent neural networks with top-k
gains for session-based recommendations},
  author={B. Hidasi and A. Karatzoglou},
  year={2017}
}

@inproceedings{sasrec,
  title={Self-Attentive Sequential Recommendation},
  author={Wang-Cheng Kang, Julian McAuley},
  year={2018}
}

@inproceedings{bert4rec,
  title={BERT4Rec: Sequential Recommendation with Bidirectional Encoder Representations from Transformer},
  author={Fei Sun, Jun Liu},
  year={2019}
}

@inproceedings{gsasrec,
  title={gSASRec: Reducing Overconfidence in Sequential Recommendation Trained with Negative Sampling},
  author={Aleksandr Petrov, Craig Macdonald},
  year={2023}
}

@inproceedings{lightgcn,
  title={LightGCN: Simplifying and Powering Graph Convolution Network for Recommendation},
  author={Xiangnan He, Kuan Deng},
  year={2020}
}

@inproceedings{lightgcl,
  title={LightGCL: Simple yet effective graph contrastive learning for Recommendations},
  author={Xuheng Cai, Chao Huang},
  year={2023}
}

@inproceedings{hetergcl,
  title={Heterogeneous Graph Contrastive Learning for Recommendation},
  author={Mengru Chen, Chao Huang},
  year={2023}
}

@inproceedings{herograph,
  title={HeroGRAPH: A Heterogeneous Graph Framework for Multi-Target Cross-Domain Recommendation},
  author={Qiang Cui, Tao Wei},
  year={2020}
}

@inproceedings{slgcn,
  title={Single-Layer Graph Convolutional Networks For Recommendation},
  author={Yue Xu, Hao Chen},
  year={2020}
}

@inproceedings{survey1,
  title={Graph Neural Networks in Recommender Systems: A Survey},
  author={Shiwen Wu, Fei Sun},
  year={2022}
}

@inproceedings{sage,
  title={Inductive Representation Learning on Large Graphs},
  author={William L. Hamilton, Jure Leskovec},
  year={2018}
}

@inproceedings{gat,
  title={Graph Attention Networks},
  author={Petar Velickov, Yoshua Bengio},
  year={2018}
}

@inproceedings{pinsage,
  title={Graph Convolutional Neural Networks for Web-Scale Recommender Systems},
  author={Rex Ying, Ruining He},
  year={2018}
}

@inproceedings{multisage,
  title={MultiSage: Empowering GCN with Contextualized Multi-Embeddings on Web-Scale Multipartite Networks},
  author={Carl Yang, Aditya Pal},
  year={2020}
}

@inproceedings{multibisage,
  title={MultiBiSage: A Web-Scale Recommendation System Using Multiple Bipartite Graphs at Pinterest},
  author={Saket Gurukar, Nikil Pancha},
  year={2022}
}
